<?xml version="1.0" encoding="UTF-8"?><collection xmlns="http://www.loc.gov/MARC21/slim"><record><leader>00586nam--2200181-i-4500</leader><controlfield tag="001">000020091</controlfield><controlfield tag="002">20161230</controlfield><controlfield tag="005">20161230201033</controlfield><controlfield tag="008">060222s1000------------r-----000-0-fre-d</controlfield><datafield ind1=" " ind2=" " tag="040"><subfield code="a">IFIN-HH</subfield></datafield><datafield ind1=" " ind2=" " tag="041"><subfield code="a">fre</subfield></datafield><datafield ind1=" " ind2=" " tag="080"><subfield code="a">535-4:538.958(043)</subfield></datafield><datafield ind1="1" ind2=" " tag="100"><subfield code="a">Drouhin, Henri- Jean</subfield></datafield><datafield ind1="1" ind2="0" tag="245"><subfield code="a">Selection en energie a tres haute rsoulties on des electrons emis par une photocathode d'arseniure de gallium en etat d'affinite negative</subfield><subfield code="b">These</subfield><subfield code="c">Henri-jean drouhin</subfield></datafield><datafield ind1=" " ind2=" " tag="260"><subfield code="a">Orsay</subfield><subfield code="b">Universite De Paris-sud</subfield><subfield code="c">1982</subfield></datafield><datafield ind1=" " ind2=" " tag="300"><subfield code="a">116 P</subfield></datafield><datafield ind1=" " ind2=" " tag="852"><subfield code="a">71093</subfield><subfield code="c">535</subfield></datafield><datafield ind1=" " ind2=" " tag="CAT"><subfield code="a">Sys</subfield><subfield code="c">20110125</subfield><subfield code="h">151712</subfield></datafield></record></collection>